@BOOK{Helio:1,
AUTHOR="Helio Pedrini",
TITLE="Trabalho 2",
PUBLISHER="Introdução ao Processamento de Imagens (MC920 / MO443)",
YEAR="2019",
}